@article{hahn2001identification,
  title={Identification and estimation of treatment effects with a regression-discontinuity design},
  author={Hahn, Jinyong and Todd, Petra and Van der Klaauw, Wilbert},
  journal={Econometrica},
  volume={69},
  number={1},
  pages={201--209},
  year={2001},
  publisher={Wiley Online Library}
}

@article{imbens2008regression,
  title={Regression discontinuity designs: A guide to practice},
  author={Imbens, Guido W and Lemieux, Thomas},
  journal={Journal of Econometrics},
  volume={142},
  number={2},
  pages={615--635},
  year={2008},
  publisher={Elsevier}
}

@article{dustmann2012expansions,
  title={Expansions in maternity leave coverage and children's long-term outcomes},
  author={Dustmann, Christian and Sch{\"o}nberg, Uta},
  journal={American Economic Journal: Applied Economics},
  pages={190--224},
  year={2012},
  publisher={JSTOR}
}

@article{Dahl2016Case,
	title={What is the case for paid maternity leave?},
author={Dahl, Gordon B and L{\o}ken, Katrine V and Mogstad, Magne and Salvanes, Kari Vea},
journal={Review of Economics and Statistics},
year={2016},
publisher={MIT Press},
 pubstate={forthcoming}                  
}
}

@article{lee2010regression,
  title={Regression Discontinuity Designs in Economics},
  author={Lee, David S and Lemieux, Thomas},
  journal={Journal of Economic Literature},
  pages={281--355},
  year={2010},
  publisher={JSTOR}
}

@article{carneiro2015flying,
  title={{A Flying Start? Maternity Leave Benefits and Long-Run Outcomes of Children}},
  author={Carneiro, Pedro and L{\o}ken, Katrine V and Salvanes, Kjell G},
  journal={Journal of Political Economy},
  volume={123},
  number={2},
  pages={365--412},
  year={2015},
  publisher={JSTOR}
}

@article{lalive2009does,
  title={{How does parental leave affect fertility and return to work? Evidence from two natural experiments}},
  author={Lalive, Rafael and Zweim{\"u}ller, Josef},
  journal={The Quarterly Journal of Economics},
  pages={1363--1402},
  year={2009},
  publisher={JSTOR}
}

@article{schonberg2014expansions,
  title={Expansions in maternity leave coverage and mothers’ labor market outcomes after childbirth},
  author={Sch{\"o}nberg, Uta and Ludsteck, Johannes},
  journal={Journal of Labor Economics},
  volume={32},
  number={3},
  pages={469--505},
  year={2014},
  publisher={JSTOR}
}

@article{currie2011human,
  title={Human capital development before age five},
  author={Currie, Janet and Almond, Douglas},
  journal={Handbook of Labor Economics},
  volume={4},
  pages={1315--1486},
  year={2011},
  publisher={Elsevier}
}

@article{baker2008maternal,
  title={Maternal employment, breastfeeding, and health: Evidence from maternity leave mandates},
  author={Baker, Michael and Milligan, Kevin},
  journal={Journal of Health Economics},
  volume={27},
  number={4},
  pages={871--887},
  year={2008},
  publisher={Elsevier}
}

@article{berger2005maternity,
  title={{Maternity leave, early maternal employment and child health and development in the US}},
  author={Berger, Lawrence M and Hill, Jennifer and Waldfogel, Jane},
  journal={The Economic Journal},
  volume={115},
  number={501},
  pages={F29--F47},
  year={2005},
  publisher={Wiley Online Library}
}

@article{bernal2010quasi,
  title={Quasi-structural estimation of a model of childcare choices and child cognitive ability production},
  author={Bernal, Raquel and Keane, Michael P},
  journal={Journal of Econometrics},
  volume={156},
  number={1},
  pages={164--189},
  year={2010},
  publisher={Elsevier}
}

@article{currie2009healthy,
  title={Healthy, wealthy, and wise: Is there a causal relationship between child health and human capital development?},
  author={Currie, Janet},
  journal={Journal of Economic Literature},
  volume={47},
  number={1},
  pages={87--122},
  year={2009}
}

@article{gans2009born,
  title={Born on the first of July: An (un) natural experiment in birth timing},
  author={Gans, Joshua S and Leigh, Andrew},
  journal={Journal of Public Economics},
  volume={93},
  number={1},
  pages={246--263},
  year={2009},
  publisher={Elsevier}
}

@article{gregg2005effects,
  title={The Effects of a Mother's Return to Work Decision on Child Development in the Uk*},
  author={Gregg, Paul and Washbrook, Elizabeth and Propper, Carol and Burgess, Simon},
  journal={The Economic Journal},
  volume={115},
  number={501},
  pages={F48--F80},
  year={2005},
  publisher={Wiley Online Library}
}


@book{horta2007evidence,
  title={Evidence on the long-term effects of breastfeeding},
  author={Horta, Bernardo L and Bahl, Rajiv and Martines, Jose C and Victoria, Cesar G},
  pages={1--52},
  year={2007},
  publisher={World Health Organization, Geneva}
}

@article{lee2008regression,
  title={Regression discontinuity inference with specification error},
  author={Lee, David S and Card, David},
  journal={Journal of Econometrics},
  volume={142},
  number={2},
  pages={655--674},
  year={2008},
  publisher={Elsevier}
}

@article{rasmussen2010increasing,
  title={Increasing the length of parents' birth-related leave: The effect on children's long-term educational outcomes},
  author={Rasmussen, Astrid W{\"u}rtz},
  journal={Labour Economics},
  volume={17},
  number={1},
  pages={91--100},
  year={2010},
  publisher={Elsevier}
}

@article{rossin2011effects,
  title={The effects of maternity leave on children's birth and infant health outcomes in the United States},
  author={Rossin, Maya},
  journal={Journal of Health Economics},
  volume={30},
  number={2},
  pages={221--239},
  year={2011},
  publisher={Elsevier}
}

@article{ruhm2000parental,
  title={Parental leave and child health},
  author={Ruhm, Christopher J},
  journal={Journal of Health Economics},
  volume={19},
  number={6},
  pages={931--960},
  year={2000},
  publisher={Elsevier}
}

@article{smith2009impact,
  title={The impact of childhood health on adult labor market outcomes},
  author={Smith, James P},
  journal={The Review of Rconomics and Statistics},
  volume={91},
  number={3},
  pages={478--489},
  year={2009},
  publisher={MIT Press}
}

@article{tanaka2005parental,
  title={Parental leave and child health across OECD countries*},
  author={Tanaka, Sakiko},
  journal={The Economic Journal},
  volume={115},
  number={501},
  pages={F7--F28},
  year={2005},
  publisher={Wiley Online Library}
}

@article{lee2008regression,
  title={Regression discontinuity inference with specification error},
  author={Lee, David S and Card, David},
  journal={Journal of Econometrics},
  volume={142},
  number={2},
  pages={655--674},
  year={2008},
  publisher={Elsevier}
}

@article{card2004using,
  title={Using discontinuous eligibility rules to identify the effects of the federal medicaid expansions on low-income children},
  author={Card, David and Shore-Sheppard, Lara D},
  journal={Review of Economics and Statistics},
  volume={86},
  number={3},
  pages={752--766},
  year={2004},
  publisher={MIT Press}
}

@article{bound2000compulsory,
  title={Do Compulsory School Attendance Laws Alone Explain the Association Between Quarter of Birth and Earnings?},
  author={Bound, John and Jaeger, David A},
  journal={Research in Labor Economics},
  volume={19},
  number={4},
  pages={83--108},
  year={2000},
  publisher={Emerald Group Publishing Limited}
}

@article{black2011too,
  title={Too young to leave the nest? The effects of school starting age},
  author={Black, Sandra E and Devereux, Paul J and Salvanes, Kjell G},
  journal={The Review of Economics and Statistics},
  volume={93},
  number={2},
  pages={455--467},
  year={2011},
  publisher={MIT Press}
}

@article{buckles2013season,
  title={Season of birth and later outcomes: Old questions, new answers},
  author={Buckles, Kasey S and Hungerman, Daniel M},
  journal={Review of Economics and Statistics},
  volume={95},
  number={3},
  pages={711--724},
  year={2013},
  publisher={MIT Press}
}


@article{DIW2002,
  author={Jan Ondrich and Katharina C. Spieß and Qing Yang},
  title={{The Effect of Maternity Leave on Women's Pay in Germany 1984-1994}},
  year=2002,
  journal={Discussion Papers of DIW Berlin},
  volume={289},
  abstract={},
  keywords={},
  doi={},
}


@misc{zmarzlik1999mutterschutzgesetz,
  title={{Mutterschutzgesetz, Mutterschaftsleistungen, Bundeserziehungsgesetz, Bd. 8}},
  author={Zmarzlik, Johannes and Zipperer, Manfred and Viethen, Hans Peter},
  year={1999},
  publisher={Carl Heymanns Verlag, Bonn}
}


@article{schonberg2014expansions,
  title={Expansions in maternity leave coverage and mothers’ labor market outcomes after childbirth},
  author={Sch{\"o}nberg, Uta and Ludsteck, Johannes},
  journal={Journal of Labor Economics},
  volume={32},
  number={3},
  pages={469--505},
  year={2014},
  publisher={JSTOR}
}

@article{lalive2013parental,
  title={{Parental leave and mothers' careers: The relative importance of job protection and cash benefits}},
  author={Lalive, Rafael and Schlosser, Anal{\'\i}a and Steinhauer, Andreas and Zweim{\"u}ller, Josef},
  journal={The Review of Economic Studies},
  pages={rdt028},
  year={2013},
  publisher={Oxford University Press}
}

@article{ekberg2013parental,
  title={{Parental leave — A policy evaluation of the Swedish “Daddy-Month” reform}},
  author={Ekberg, John and Eriksson, Rickard and Friebel, Guido},
  journal={Journal of Public Economics},
  volume={97},
  pages={131--143},
  year={2013},
  publisher={Elsevier}
}

@article{rosenzweig2000natural,
  title={Natural "natural experiments" in economics},
  author={Rosenzweig, Mark R and Wolpin, Kenneth I},
  journal={Journal of Economic Literature},
  volume={38},
  number={4},
  pages={827--874},
  year={2000},
  publisher={JSTOR}
}

@article{dinardo2004economic,
  title={Economic Impacts of New Unionization on Private Sector Employers: 1984-2001},
  author={DiNardo, John and Lee, David S},
  journal={The Quarterly Journal of Economics},
  pages={1383--1441},
  year={2004},
  publisher={JSTOR}
}

@article{wagner2007german,
  title={{The German Socio-Economic Panel Study (SOEP) - Scope, Evolution and Enhancements}},
  author={Wagner, Gert G and Frick, Joachim R and Schupp, J{\"u}rgen},
  year={2007},
  publisher={SOEPpaper}
}


@article{schupp200925,
  title={{25 Jahre Sozio-{\"O}konomisches Panel -- Ein Infrastrukturprojekt der empirischen Sozial-und Wirtschaftsforschung in Deutschland/Twenty-Five Years of the German Socio-Economic Panel -- An Infrastructure Project for Empirical Social and Economic Research in Germany}},
  author={Schupp, J{\"u}rgen},
  journal={Zeitschrift f{\"u}r Soziologie},
  volume={38},
  number={5},
  pages={350--357},
  year={2009}
}

@book{klusmeyer2009immigration,
  title={{Immigration policy in the Federal Republic of Germany: Negotiating membership and remaking the nation}},
  author={Klusmeyer, Douglas B and Papademetriou, Demetrios G},
  year={2009},
  publisher={Berghahn Books}
}

@article{fassmann1994european,
  title={European east-west migration, 1945-1992},
  author={Fassmann, Heinz and Munz, Rainer},
  journal={International Migration Review},
  pages={520--538},
  year={1994},
  publisher={JSTOR}
}


@book{mayer2002flucht,
  title={Flucht und Ausreise: Botschaftsbesetzungen als wirksame Form des Widerstands und Mittel gegen die politische Verfolgung in der DDR},
  author={Mayer, Wolfgang},
  year={2002},
  publisher={Anita Tykve Verlag}
}

@article{case2008height,
  title={Height, Health, and Cognitive Function at Older Ages},
  author={Case, Anne and Paxson, Christina},
  journal={The American Economic Review: Papers \& Proceedings},
  volume={98},
  number={2},
  pages={463--467},
  year={2008},
  publisher={American Economic Association}
}

@article{winter2014they,
  title={{Do they know what is at risk? Health risk perception among the obese}},
  author={Winter, Joachim and Wuppermann, Amelie},
  journal={Health economics},
  volume={23},
  number={5},
  pages={564--585},
  year={2014},
  publisher={Wiley Online Library}
}



@article{galama2015theory,
  title={A theory of socioeconomic disparities in health over the life cycle},
  author={Galama, Titus J and Van Kippersluis, Hans},
  journal={CESR-Schaeffer Working Paper},
  number={2015-016},
  year={2015}
}




@article{currie2003socioeconomic,
  title={{Socioeconomic status and health: Why is the relationship stronger for older children?}},
  author={Currie, Janet and Stabile, Mark},
  journal={The American Economic Review},
    volume={93},
  number={5},
  pages={1813--1823},
  year={2003},
}

@article{Donell,
  title ={{Health and Inequality}},
  author= {O'Donnell, O and van Doorslaer, E and van Ourti, T},
  journal={Handbook of Income Distribution},
  volume={2},
  number={B},
  pages={1419--1533},
  year={2015},
  publisher={Atkinson and F.J. Bourguignon}
}


@article{heckman2013understanding,
  title={Understanding the mechanisms through which an influential early childhood program boosted adult outcomes},
  author={Heckman, James and Pinto, Rodrigo and Savelyev, Peter},
  journal={The American Economic Review},
  volume={103},
  number={6},
  pages={2052--2086},
  year={2013},
  publisher={American Economic Association}
}

@article{currie2011human,
  title={Human capital development before age five},
  author={Currie, Janet and Almond, Douglas},
  journal={Handbook of labor economics},
  volume={4},
  pages={1315--1486},
  year={2011},
  publisher={Elsevier}
}


@article{arendt2005does,
  title={{Does education cause better health? A panel data analysis using school reforms for identification}},
  author={Arendt, Jacob Nielsen},
  journal={Economics of Education Review},
  volume={24},
  number={2},
  pages={149--160},
  year={2005},
  publisher={Elsevier}
}

@article{lleras2005relationship,
  title={{The relationship between education and adult mortality in the United States}},
  author={Lleras-Muney, Adriana},
  journal={The Review of Economic Studies},
  volume={72},
  number={1},
  pages={189--221},
  year={2005},
  publisher={Oxford University Press}
}


@article{cutler2006education,
  title={{Education and health: Evaluating theories and evidence}},
  author={Cutler, David M and Lleras-Muney, Adriana},
  year={2006},
  journal={NBER Working Paper Series},
  volume={12352}
}



@article{garrouste2015lasting,
  title={{The lasting health impact of leaving school in a bad economy: Britons in the 1970s recession}},
  author={Garrouste, Cl{\'e}mentine and Godard, Mathilde},
  year={2015},
  journal={CEPREMAP Working Paper Series},
  volume={1509}
}

@article{gove1983does,
  title={Does marriage have positive effects on the psychological well-being of the individual?},
  author={Gove, Walter R and Hughes, Michael and Style, Carolyn Briggs},
  journal={Journal of Health and Social Behavior},
  pages={122--131},
  year={1983},
  publisher={JSTOR}
}

@article{sullivan2009job,
  title={Job displacement and mortality: An analysis using administrative data},
  author={Sullivan, Daniel and Von Wachter, Till},
  journal={The Quarterly Journal of Economics},
  pages={1265--1306},
  year={2009},
  publisher={JSTOR}
}

@article{salm2009does,
  title={Does job loss cause ill health?},
  author={Salm, Martin},
  journal={Health Economics},
  volume={18},
  number={9},
  pages={1075--1089},
  year={2009},
  publisher={Wiley Online Library}
}

@article{roelfs2011rising,
  title={{The rising relative risk of mortality for singles: Meta-analysis and meta-regression}},
  author={Roelfs, David J and Shor, Eran and Kalish, Rachel and Yogev, Tamar},
  journal={American Journal of Epidemiology},
  volume={174},
  number={4},
  pages={379--389},
  year={2011},
  publisher={Oxford Univ Press}
}

@article{nomaguchi2003costs,
  title={{Costs and rewards of children: The effects of becoming a parent on adults' lives}},
  author={Nomaguchi, Kei M and Milkie, Melissa A},
  journal={Journal of marriage and family},
  volume={65},
  number={2},
  pages={356--374},
  year={2003},
  publisher={Wiley Online Library}
}


@article{abadie2005semiparametric,
  title={Semiparametric difference-in-differences estimators},
  author={Abadie, Alberto},
  journal={The Review of Economic Studies},
  volume={72},
  number={1},
  pages={1--19},
  year={2005},
  publisher={Oxford University Press}
}



@article{cawley2015health,
  title={{Health disparities across education: The role of differential reporting error}},
  author={Cawley, John and Choi, Anna},
  year={2015},
  journal={NBER Working Paper Series},
  volume={21317}
}

@article{case2009early,
  title={Early life health and cognitive function in old age},
  author={Case, Anne and Paxson, Christina},
  journal={The American Economic Review},
  volume={99},
  number={2},
  pages={104},
  year={2009},
  publisher={NIH Public Access}
}

@article{klaus1998mother,
  title={{Mother and infant: Early emotional ties}},
  author={Klaus, Marshall},
  journal={Pediatrics},
  volume={102},
  number={Supplement E1},
  pages={1244--1246},
  year={1998},
  publisher={Am Acad Pediatrics}
}

@article{horwood1998breastfeeding,
  title={Breastfeeding and later cognitive and academic outcomes},
  author={Horwood, L John and Fergusson, David M},
  journal={Pediatrics},
  volume={101},
  number={1},
  year={1998},
  publisher={Am Acad Pediatrics}
}

@article{belsky1991early,
  title={{Early and extensive maternal employment and young children's socioemotional development: Children of the National Longitudinal Survey of Youth}},
  author={Belsky, Jay and Eggebeen, David},
  journal={Journal of Marriage and the Family},
  pages={1083--1098},
  year={1991},
  publisher={JSTOR}
}

@article{dahl2012impact,
  title={The impact of family income on child achievement: Evidence from the earned income tax credit},
  author={Dahl, Gordon B and Lochner, Lance},
  journal={The American Economic Review},
  volume={102},
  number={5},
  pages={1927--1956},
  year={2012},
  publisher={American Economic Association}
}

@article{hoynes2015income,
  title={Income, the earned income tax credit, and infant health},
  author={Hoynes, Hilary and Miller, Doug and Simon, David},
  journal={American Economic Journal: Economic Policy},
  volume={7},
  number={1},
  pages={172--211},
  year={2015},
  publisher={American Economic Association}
}

@article{case2002economic,
  title={Economic status and health in childhood: The origins of the gradient},
  author={Case, Anne and Lubotsky, Darren and Paxson, Christina},
  journal={The American Economic Review},
  volume={92},
  number={5},
  pages={1308--1334},
  year={2002},
  publisher={American Economic Association}
}

@article{beuchert2014length,
  title={The Length of Maternity Leave and Family Health},
  author={Beuchert, Louise Voldby and Humlum, Maria Knoth and Vejlin, Rune},
  year={2014},
  journal={IZA Discussion Paper Series},
  volume={8206}
}

@article{chatterji2005does,
  title={Does the Length of Maternity Leave Affect Maternal Health?},
  author={Chatterji, Pinka and Markowitz, Sara},
  journal={Southern Economic Journal},
  pages={16--41},
  year={2005},
  publisher={JSTOR}
}

@article{lindeboom2009parental,
  title={Parental education and child health: Evidence from a schooling reform},
  author={Lindeboom, Maarten and Llena-Nozal, Ana and van der Klaauw, Bas},
  journal={Journal of Health Economics},
  volume={28},
  number={1},
  pages={109--131},
  year={2009},
  publisher={Elsevier}
}

@article{lundberg1996bargaining,
  title={Bargaining and distribution in marriage},
  author={Lundberg, Shelly and Pollak, Robert A},
  journal={The Journal of Economic Perspectives},
  volume={10},
  number={4},
  pages={139--158},
  year={1996},
  publisher={JSTOR}
}

@article{anderson2002economics,
  title={The economics of roscas and intrahousehold resource allocation},
  author={Anderson, Siwan and Baland, Jean-Marie},
  journal={The Quarterly Journal of Economics},
  pages={963--995},
  year={2002},
  publisher={JSTOR}
}


@article{obesity2000preventing,
  title={{Obesity: Preventing and managing the global epidemic. Report of a WHO consultation}},
  author={{World Health Organisation}},
  journal={WHO Technical Report Series},
  volume={894},
  pages={1--253},
  year={2000},
   publisher={Geneva}
}

@book{flavell1993cognitive,
  title={Cognitive development .},
  author={Flavell, John H and Miller, Patricia H and Miller, Scott A},
  year={1993},
  publisher={Prentice-Hall, Inc}
}

@article{rossin2011effects,
  title={{The effects of maternity leave on children's birth and infant health outcomes in the United States}},
  author={Rossin, Maya},
  journal={Journal of Health Economics},
  volume={30},
  number={2},
  pages={221--239},
  year={2011},
  publisher={Elsevier}
}

@article{stearns2015effects,
  title={The effects of paid maternity leave: Evidence from Temporary Disability Insurance},
  author={Stearns, Jenna},
  journal={Journal of Health Economics},
  volume={43},
  pages={85--102},
  year={2015},
  publisher={Elsevier}
}



@article{Beuchert2014,
  title={The Length of Maternity Leave and Family Health},
  author={Beuchert, Louise and Humlum, Maria and Vejlin Rune},
  journal={IZA Discussion Paper Series},
  volume={8206},
  year={2014},
  publisher={Institute for the Study of Labor (IZA)}
}


@article{avendano2015long,
  title={{The long-run effect of maternity leave benefits on mental health: Evidence from European countries}},
  author={Avendano, Mauricio and Berkman, Lisa F and Brugiavini, Agar and Pasini, Giacomo},
  journal={Social Science \& Medicine},
  volume={132},
  pages={45--53},
  year={2015},
  publisher={Elsevier}
}

@article{almond2005costs,
  title={The Costs of Low Birth Weight},
  author={Almond, Douglas and Chay, Kenneth Y and Lee, David S},
  journal={The Quarterly Journal of Economics},
  volume={120},
  number={3},
  pages={1031--1083},
  year={2005},
  publisher={Oxford University Press}
}

@article{currie2007biology,
  title={{Biology as Destiny? Short-and Long-Run Determinants of Intergenerational Transmission of Birth Weight}},
  author={Currie, Janet and Moretti, Enrico},
  journal={Journal of Labor Economics},
  volume={25},
  number={2},
  pages={231--264},
  year={2007},
  publisher={JSTOR}
}

@article{dehejia2004booms,
  title={Booms, Busts, and Babies' Health},
  author={Dehejia, Rajeev and LLeras-Muney, Adriana},
  journal={The Quaterly Journal of Economics},
  number={3},
  pages={1091--1130},
  year={2004},
  publisher={University of Oxford}
}

